@inproceedings{MikolovDKBC11,
  author    = {Tomas Mikolov and
               Anoop Deoras and
               Stefan Kombrink and
               Luk{\'{a}}s Burget and
               Jan Cernock{\'{y}}},
  title     = {Empirical Evaluation and Combination of Advanced Language Modeling
               Techniques},
  booktitle = {{INTERSPEECH} 2011, 12th Annual Conference of the International Speech
               Communication Association, Florence, Italy, August 27-31, 2011},
  pages     = {605--608},
  year      = {2011},
  url       = {http://www.isca-speech.org/archive/interspeech_2011/i11_0605.html}
}

@book{Murphy:2012:MLP:2380985,
 author = {Murphy, Kevin P.},
 title = {Machine Learning: A Probabilistic Perspective},
 year = {2012},
 isbn = {0262018020, 9780262018029},
 publisher = {The MIT Press},
}

@article{DBLP:journals/corr/ChoMGBSB14,
  author    = {Kyunghyun Cho and
               Bart van Merrienboer and
               {\c{C}}aglar G{\"{u}}l{\c{c}}ehre and
               Fethi Bougares and
               Holger Schwenk and
               Yoshua Bengio},
  title     = {Learning Phrase Representations using {RNN} Encoder-Decoder for Statistical
               Machine Translation},
  journal   = {CoRR},
  volume    = {abs/1406.1078},
  year      = {2014},
  url       = {http://arxiv.org/abs/1406.1078},
  archivePrefix = {arXiv},
  eprint    = {1406.1078},
  timestamp = {Wed, 07 Jun 2017 14:43:08 +0200},
  biburl    = {https://dblp.org/rec/bib/journals/corr/ChoMGBSB14},
  bibsource = {dblp computer science bibliography, https://dblp.org}
}

@misc{barthel_mitchell_holcomb_2016,
  title = {Many Americans Believe Fake News Is Sowing Confusion},
  url = {http://www.journalism.org/2016/12/15/many-americans-believe-fake-news-is-sowing-confusion/#},
  journal = {Pew Research Center's Journalism Project},
  author = {Barthel, Michael and Mitchell, Amy and Holcomb, Jesse}, 
  year = {2016}, 
  month={Dec}
}

@misc{fake_news_challenge, 
  title={Fake News Challenge},
  url={http://www.fakenewschallenge.org/},
  journal={Fake News Challenge},
  author = {Pomerleau, Dean and Rao, Delip},
}

@book{Bird:2009:NLP:1717171,
 author = {Bird, Steven and Klein, Ewan and Loper, Edward},
 title = {Natural Language Processing with Python},
 year = {2009},
 isbn = {0596516495, 9780596516499},
 edition = {1st},
 publisher = {O'Reilly Media, Inc.},
} 


@inproceedings{pennington2014glove,
  added-at = {2016-02-18T12:02:38.000+0100},
  author = {Pennington, Jeffrey and Socher, Richard and Manning, Christopher D},
  biburl = {https://www.bibsonomy.org/bibtex/2a6e77a38c13e374ab250e13ae22993ec/thoni},
  booktitle = {EMNLP},
  interhash = {29813227df1eea94efa14c7df2b5553a},
  intrahash = {a6e77a38c13e374ab250e13ae22993ec},
  keywords = {deeplearning deepwiki glove semantic},
  pages = {1532--1543},
  timestamp = {2016-09-06T08:23:07.000+0200},
  title = {Glove: Global Vectors for Word Representation.},
  volume = 14,
  year = 2014
}


@misc{tensorflow2015-whitepaper,
title={ {TensorFlow}: Large-Scale Machine Learning on Heterogeneous Systems},
url={https://www.tensorflow.org/},
note={Software available from tensorflow.org},
author={
    Mart\'{\i}n~Abadi and
    Ashish~Agarwal and
    Paul~Barham and
    Eugene~Brevdo and
    Zhifeng~Chen and
    Craig~Citro and
    Greg~S.~Corrado and
    Andy~Davis and
    Jeffrey~Dean and
    Matthieu~Devin and
    Sanjay~Ghemawat and
    Ian~Goodfellow and
    Andrew~Harp and
    Geoffrey~Irving and
    Michael~Isard and
    Yangqing Jia and
    Rafal~Jozefowicz and
    Lukasz~Kaiser and
    Manjunath~Kudlur and
    Josh~Levenberg and
    Dandelion~Man\'{e} and
    Rajat~Monga and
    Sherry~Moore and
    Derek~Murray and
    Chris~Olah and
    Mike~Schuster and
    Jonathon~Shlens and
    Benoit~Steiner and
    Ilya~Sutskever and
    Kunal~Talwar and
    Paul~Tucker and
    Vincent~Vanhoucke and
    Vijay~Vasudevan and
    Fernanda~Vi\'{e}gas and
    Oriol~Vinyals and
    Pete~Warden and
    Martin~Wattenberg and
    Martin~Wicke and
    Yuan~Yu and
    Xiaoqiang~Zheng},
  year={2015},
}

@article{DBLP:journals/corr/Rana16a,
  author    = {Rajib Rana},
  title     = {Gated Recurrent Unit {(GRU)} for Emotion Classification from Noisy
               Speech},
  journal   = {CoRR},
  volume    = {abs/1612.07778},
  year      = {2016},
  url       = {http://arxiv.org/abs/1612.07778},
  archivePrefix = {arXiv},
  eprint    = {1612.07778},
  timestamp = {Wed, 07 Jun 2017 14:40:41 +0200},
  biburl    = {https://dblp.org/rec/bib/journals/corr/Rana16a},
  bibsource = {dblp computer science bibliography, https://dblp.org}
}
